%% This BibTeX bibliography file was created using BibDesk.
%% http://bibdesk.sourceforge.net/

%% Created for Tsuyoshi YUMOTO at 2017-11-26 13:35:04 +0900


%% Saved with string encoding Unicode (UTF-8)

@book{MTBUDay2,
	Author = {大和田尚孝},
	Date-Added = {2017-11-26 04:20:56 +0000},
	Date-Modified = {2017-11-26 04:20:56 +0000},
	Publisher = {日経BP社},
	Title = {システム統合の「正攻法」},
	Year = {2009}}

@book{whittaker2003break,
	Author = {Whittaker, James A},
	Date-Added = {2017-11-26 04:20:56 +0000},
	Date-Modified = {2017-11-26 04:20:56 +0000},
	Publisher = {Addison-Wesley},
	Title = {How to break software},
	Year = {2003}}

@misc{ethan1999mckinsey,
	Author = {Ethan, M Rasiel},
	Date-Added = {2017-11-26 03:45:04 +0000},
	Date-Modified = {2017-11-26 03:45:04 +0000},
	Publisher = {McGraw-Hill},
	Title = {The McKinsey Way},
	Year = {1999}}

@inproceedings{eldh2011analysis,
	Author = {Eldh, Sigrid and Hansson, Hans and Punnekkat, Sasikumar},
	Booktitle = {Software Testing, Verification and Validation (ICST), 2011 IEEE Fourth International Conference on},
	Date-Added = {2017-11-26 03:41:48 +0000},
	Date-Modified = {2017-11-26 03:41:48 +0000},
	Organization = {IEEE},
	Pages = {70--79},
	Title = {Analysis of mistakes as a method to improve test case design},
	Year = {2011}}

@inproceedings{Grindal:2007:IPM:1332044.1332085,
	Acmid = {1332085},
	Address = {Anaheim, CA, USA},
	Author = {Grindal, Mats and Offutt, Jeff},
	Booktitle = {Proceedings of the 25th Conference on IASTED International Multi-Conference: Software Engineering},
	Date-Added = {2017-11-26 03:23:35 +0000},
	Date-Modified = {2017-11-26 03:23:35 +0000},
	Keywords = {category partition, combinatorial testing, model-based testing, software testing},
	Location = {Innsbruck, Austria},
	Numpages = {6},
	Pages = {255--260},
	Publisher = {ACTA Press},
	Series = {SE'07},
	Title = {Input Parameter Modeling for Combination Strategies},
	Url = {http://dl.acm.org/citation.cfm?id=1332044.1332085},
	Year = {2007},
	Bdsk-Url-1 = {http://dl.acm.org/citation.cfm?id=1332044.1332085}}

@article{Ostrand:1988:CMS:62959.62964,
	Acmid = {62964},
	Address = {New York, NY, USA},
	Author = {Ostrand, T. J. and Balcer, M. J.},
	Date-Added = {2017-11-26 03:14:52 +0000},
	Date-Modified = {2017-11-26 03:14:52 +0000},
	Doi = {10.1145/62959.62964},
	Issn = {0001-0782},
	Issue_Date = {June 1988},
	Journal = {Commun. ACM},
	Month = jun,
	Number = {6},
	Numpages = {11},
	Pages = {676--686},
	Publisher = {ACM},
	Title = {The Category-partition Method for Specifying and Generating Fuctional Tests},
	Url = {http://doi.acm.org/10.1145/62959.62964},
	Volume = {31},
	Year = {1988},
	Bdsk-Url-1 = {http://doi.acm.org/10.1145/62959.62964},
	Bdsk-Url-2 = {http://dx.doi.org/10.1145/62959.62964}}

@book{myers2011art,
	Author = {Myers, Glenford J and Sandler, Corey and Badgett, Tom},
	Date-Added = {2017-09-17 07:36:17 +0000},
	Date-Modified = {2017-09-17 07:36:17 +0000},
	Publisher = {John Wiley \&amp; Sons},
	Title = {The art of software testing},
	Year = {2011}}

@book{IPA2015,
	Date-Added = {2017-09-17 07:27:49 +0000},
	Date-Modified = {2017-09-17 07:31:19 +0000},
	Editor = {独立行政法人情報処理推進機構 技術本部 ソフトウェア高信頼化センター},
	Publisher = {独立行政法人情報処理推進機構},
	Title = {ソフトウェア開発データ白書2014-2015},
	Year = {2015}}

@url{longstreet2000,
	Author = {David Longstreet},
	Date-Added = {2017-09-17 06:58:15 +0000},
	Date-Modified = {2017-09-17 07:07:44 +0000},
	Rating = {5},
	Read = {1},
	Title = {Productivity of Software from 1970 to Present},
	Url = {http://www.softwaremetrics.com/Articles/history.htm},
	Year = {2000},
	Bdsk-Url-1 = {http://www.softwaremetrics.com/Articles/history.htm}}

@book{arnold1996software,
	Author = {Arnold, Robert S},
	Publisher = {IEEE Computer Society Press},
	Title = {Software change impact analysis},
	Year = {1996}}

@article{li2013survey,
	Author = {Li, Bixin and Sun, Xiaobing and Leung, Hareton and Zhang, Sai},
	Journal = {Software Testing, Verification and Reliability},
	Number = {8},
	Pages = {613--646},
	Publisher = {Wiley Online Library},
	Title = {A survey of code-based change impact analysis techniques},
	Volume = {23},
	Year = {2013}}

	@article{HHM2002,
		Author = {Haimes, Yacov Y., Stan Kaplan, and James H. Lambert},
		Journal = {Risk Analysis},
		Number = {22.2},
		Pages = {383--397},
		Title = {Risk filtering, ranking, and management framework using hierarchical holographic modeling},
		Year = {2002}}


@incollection{Demarco,
	Author = {DeMarco, Tom},
	Booktitle = {Pioneers and Their Contributions to Software Engineering},
	Pages = {255--288},
	Publisher = {Springer},
	Title = {Structure analysis and system specification},
	Year = {1979}}

@inproceedings{briand2003impact,
	Author = {Briand, Lionel C and Labiche, Yvan and O'sullivan, L},
	Booktitle = {Software Maintenance, 2003. ICSM 2003. Proceedings. International Conference on},
	Organization = {IEEE},
	Pages = {256--265},
	Title = {Impact analysis and change management of {UML} models},
	Year = {2003}}

@inproceedings{gomaa2005designing,
	Author = {Gomaa, Hassan},
	Booktitle = {SEW Tutorial Notes},
	Pages = {160--216},
	Title = {Designing Software Product Lines with UML.},
	Year = {2005}}

@inproceedings{maule2008impact,
	Author = {Maule, Andy and Emmerich, Wolfgang and Rosenblum, David S},
	Booktitle = {Proceedings of the 30th international conference on Software engineering},
	Organization = {ACM},
	Pages = {451--460},
	Title = {Impact analysis of database schema changes},
	Year = {2008}}

@book{beiz90,
	Author = {Boris Beizer},
	Note = {(翻訳~:小野間 彰，~山浦 恒央~:ソフトウェアテスト技法,日経BP出版センター(1994))},
	Publisher = {Van Nostrand Reinhold},
	Title = {Software Testing Techniques},
	Year = {1990}}

@inproceedings{nishi2012based,
	Author = {Nishi, Yasuharu},
	Booktitle = {Software Security and Reliability Companion (SERE-C), 2012 IEEE Sixth International Conference on},
	Organization = {IEEE},
	Pages = {194--197},
	Title = {Vewpoint-based Test Architecture Design},
	Year = {2012}}

@book{ISTQB,
	Author = {{ISTQB/FLWG}},
	Publisher = {International Software Testing Qualifications Board},
	Title = {{Foundation Level Syllabus}},
	Year = 2011}

@article{campbell1990,
	Author = {Campbell, James N},
	Journal = {Oregon Health \& Science University},
	Pages = {1--118},
	Title = {Data-flow analysis of software change},
	Year = {1990}}

@article{2008,
	Author = {小谷正行 and 落水浩一郎},
	Journal = {情報処理学会論文誌},
	Number = {7},
	Pages = {2265--2291},
	Title = {{UML} 記述の変更波及解析に利用可能な依存関係の自動生成},
	Volume = {49},
	Year = {2008}}

@article{2011,
	Author = {加藤正恭 and 小川秀人},
	Journal = {情報処理学会第 73 回全国大会講演論文集},
	Pages = {249--250},
	Title = {{CRUD}マトリクスを用いたソフトウェア設計影響分析手法},
	Volume = {73},
	Year = {2011}}

@article{Politano,
	Author = {Politano, Anthony L},
	Journal = {Informing Science},
	Number = {2},
	Pages = {35--44},
	Publisher = {Informing Science Institute},
	Title = {Salvaging information engineering techniques in the data warehouse environment},
	Volume = {4},
	Year = {2001}}

@article{Yumo2014,
	Author = {T.Yumoto and K.Uetsuki and T.Matsuodani and K.Tsuda},
	Journal = {ICACTCM '2014},
	Pages = {70--75},
	Title = {A Study on the Efficiency of a Test Analysis Method Utilizing Test-Categories Based on AUT and Fault Knowledge},
	Year = {2014}}

@article{Akiyama2014,
	Author = {K.Akiyama and T.Takagi and Z.Furukawa},
	Journal = {SoMeT},
	Pages = {398--414},
	Title = {Development and Evaluation of HAYST Method Tool (Software Testing)},
	Year = {2010}}

@book{29119,
	Author = {ISO/SC7/WG26},
	Publisher = {ISO/IEC/IEEE29119 2013(E)},
	Title = {Software and Systems Engineering-Software-Testing Part 2:Test Processes},
	Year = 2013}

@article{013,
	Author = {湯本剛 and 松尾谷徹 and 津田和彦 and others},
	Journal = {第 75 回全国大会講演論文集},
	Number = {1},
	Pages = {321--322},
	Title = {効率的な機能テスト設計のための欠陥情報の活用方法},
	Volume = {2013},
	Year = {2013}}

@book{van2013tpi,
	Author = {van Ewijk, Alexander and Linker, Bert and van Oosterwijk, Marcel and Visser, Ben},
	Publisher = {Uitgeverij kleine Uil},
	Title = {TPI next: business driven test process improvement},
	Year = {2013}}

@book{jones1998estimating,
	Author = {Jones, T Capers},
	Publisher = {McGraw-Hill, Inc.},
	Title = {Estimating software costs},
	Year = {1998}}

@article{yumoto2013test,
	Author = {Yumoto, Tsuyoshi and Matsuodani, Toru and Tsuda, Kazuhiko},
	Journal = {Procedia Computer Science},
	Pages = {551--560},
	Publisher = {Elsevier},
	Title = {A Test Analysis Method for Black Box Testing Using AUT and Fault Knowledge},
	Volume = {22},
	Year = {2013}}

@article{jones2009,
	Author = {Ebert, C and Jones, T Capers},
	Journal = {IEEE Computer},
	Pages = {42--52},
	Publisher = {IEEE},
	Title = {Embedded Software: Facts, Figures, and Future},
	Volume = {42.4},
	Year = {2009}}
